
# moea/d as cellular
@inproceedings{ishibuchi2009adaptation,
  title={Adaptation of scalarizing functions in MOEA/D: An adaptive scalarizing function-based multiobjective evolutionary algorithm},
  author={Ishibuchi, Hisao and Sakane, Yuji and Tsukamoto, Noritaka and Nojima, Yusuke},
  booktitle={International Conference on Evolutionary Multi-Criterion Optimization},
  pages={438--452},
  year={2009},
  organization={Springer}
}


# original moea/d
@article{zhang2007moea,
  title={MOEA/D: A multiobjective evolutionary algorithm based on decomposition},
  author={Zhang, Qingfu and Li, Hui},
  journal={IEEE Transactions on evolutionary computation},
  volume={11},
  number={6},
  pages={712--731},
  year={2007},
  publisher={IEEE}
}

# survey about decomposition, may ideas are from here
@article{trivedi2017survey,
  title={A survey of multiobjective evolutionary algorithms based on decomposition},
  author={Trivedi, Anupam and Srinivasan, Dipti and Sanyal, Krishnendu and Ghosh, Abhiroop},
  journal={IEEE Transactions on Evolutionary Computation},
  volume={21},
  number={3},
  pages={440--462},
  year={2017},
  publisher={IEEE}
}

# moea/d package in r
@article{moeadr_package,
  title={the MOEADr package - A Component-Based Framework for Multiobjective Evolutionary Algorithms Based on Decomposition},
  author={Campelo, Felipe and Batista, Lucas and Aranha, Claus},
  year={2017},
}


# cellular w/ different scalarizing functions - one idea
@inproceedings{ishibuchi2010simultaneous,
  title={Simultaneous use of different scalarizing functions in MOEA/D},
  author={Ishibuchi, Hisao and Sakane, Yuji and Tsukamoto, Noritaka and Nojima, Yusuke},
  booktitle={Proceedings of the 12th annual conference on Genetic and evolutionary computation},
  pages={519--526},
  year={2010},
  organization={ACM}
}

# dynamic comptation resource allocation - one idea
@inproceedings{zhang2009performance,
  title={The performance of a new version of MOEA/D on CEC09 unconstrained MOP test instances},
  author={Zhang, Qingfu and Liu, Wudong and Li, Hui},
  booktitle={Evolutionary Computation, 2009. CEC'09. IEEE Congress on},
  pages={203--208},
  year={2009},
  organization={IEEE}
}

#dual population
@article{qi2014moea,
  title={MOEA/D with adaptive weight adjustment},
  author={Qi, Yutao and Ma, Xiaoliang and Liu, Fang and Jiao, Licheng and Sun, Jianyong and Wu, Jianshe},
  journal={Evolutionary computation},
  volume={22},
  number={2},
  pages={231--264},
  year={2014},
  publisher={MIT Press}
}

# dual population dynamic allocation
@article{cai2015external,
  title={An external archive guided multiobjective evolutionary algorithm based on decomposition for combinatorial optimization},
  author={Cai, Xinye and Li, Yexing and Fan, Zhun and Zhang, Qingfu},
  journal={IEEE Transactions on Evolutionary Computation},
  volume={19},
  number={4},
  pages={508--523},
  year={2015},
  publisher={IEEE}
}

#dual population max hv (hyper volume) external population
@inproceedings{jiang2016towards,
  title={Towards adaptive weight vectors for multiobjective evolutionary algorithm based on decomposition},
  author={Jiang, Siwei and Feng, Liang and Yang, Dazhi and Heng, Chen Kim and Ong, Yew-Soon and Zhang, Allan NengSheng and Tan, Puay Siew and Cai, Zhihua},
  booktitle={Evolutionary Computation (CEC), 2016 IEEE Congress on},
  pages={500--507},
  year={2016},
  organization={IEEE}
}

# self adaptative for neighborhood structure
@article{giagkiozis2014generalized,
  title={Generalized decomposition and cross entropy methods for many-objective optimization},
  author={Giagkiozis, Ioannis and Purshouse, Robin C and Fleming, Peter J},
  journal={Information Sciences},
  volume={282},
  pages={363--387},
  year={2014},
  publisher={Elsevier}
}

# kind of a SA for selection neighbors - computationallly costly and 4 parameters more - global replacement
@article{zhang2016self,
  title={Self-organizing multiobjective optimization based on decomposition with neighborhood ensemble},
  author={Zhang, Hu and Zhang, Xiujie and Gao, Xiao-Zhi and Song, Shenmin},
  journal={Neurocomputing},
  volume={173},
  pages={1868--1884},
  year={2016},
  publisher={Elsevier}
}

kind of a SA for selection neighbors  - global replacement
@article{wang2016adaptive,
  title={Adaptive replacement strategies for MOEA/D},
  author={Wang, Zhenkun and Zhang, Qingfu and Zhou, Aimin and Gong, Maoguo and Jiao, Licheng},
  journal={IEEE transactions on cybernetics},
  volume={46},
  number={2},
  pages={474--486},
  year={2016},
  publisher={IEEE}
}

# cellular ga image
@article{robles2009evolutionary,
  title={Evolutionary parallel and gradually distributed lateral tuning of fuzzy rule-based systems},
  author={Robles, Ignacio and Alcal{\'a}, Rafael and Ben{\'\i}tez, Jos{\'e} Manuel and Herrera, Francisco},
  journal={Evolutionary Intelligence},
  volume={2},
  number={1-2},
  pages={5},
  year={2009},
  publisher={Springer}
}

# moead applications 
@book{coello2007evolutionary,
  title={Evolutionary algorithms for solving multi-objective problems},
  author={Coello, Carlos A Coello and Lamont, Gary B and Van Veldhuizen, David A and others},
  volume={5},
  year={2007},
  publisher={Springer}
}

# cellular ga survey distributed 
@article{gong2015distributed,
  title={Distributed evolutionary algorithms and their models: A survey of the state-of-the-art},
  author={Gong, Yue-Jiao and Chen, Wei-Neng and Zhan, Zhi-Hui and Zhang, Jun and Li, Yun and Zhang, Qingfu and Li, Jing-Jing},
  journal={Applied Soft Computing},
  volume={34},
  pages={286--300},
  year={2015},
  publisher={Elsevier}
}

# images
@article{chugh2017handling,
  title={Handling expensive multiobjective optimization problems with evolutionary algorithms},
  author={Chugh, Tinkle},
  journal={Jyv{\"a}skyl{\"a} studies in computing 263.},
  year={2017},
  publisher={University of Jyv{\"a}skyl{\"a}}
}

#ONRA
@article{zhou2016all,
  title={Are all the subproblems equally important? Resource allocation in decomposition-based multiobjective evolutionary algorithms},
  author={Zhou, Aimin and Zhang, Qingfu},
  journal={IEEE Transactions on Evolutionary Computation},
  volume={20},
  number={1},
  pages={52--64},
  year={2016},
  publisher={IEEE}
}


#LHS - R
@article{stein1987large,
  title={Large sample properties of simulations using Latin hypercube sampling},
  author={Stein, Michael},
  journal={Technometrics},
  volume={29},
  number={2},
  pages={143--151},
  year={1987},
  publisher={Taylor \& Francis}
}

# LHS - origin
@article{mckay1979comparison,
  title={Comparison of three methods for selecting values of input variables in the analysis of output from a computer code},
  author={McKay, Michael D and Beckman, Richard J and Conover, William J},
  journal={Technometrics},
  volume={21},
  number={2},
  pages={239--245},
  year={1979},
  publisher={Taylor \& Francis}
}

# bet-and-run initial
@article{fischetti2014exploiting,
  title={Exploiting erraticism in search},
  author={Fischetti, Matteo and Monaci, Michele},
  journal={Operations Research},
  volume={62},
  number={1},
  pages={114--122},
  year={2014},
  publisher={INFORMS}
}

# bet-and-run theoretical
@inproceedings{lissovoi2017theoretical,
  title={Theoretical results on bet-and-run as an initialisation strategy},
  author={Lissovoi, Andrei and Sudholt, Dirk and Wagner, Markus and Zarges, Christine},
  booktitle={Proceedings of the Genetic and Evolutionary Computation Conference},
  pages={857--864},
  year={2017},
  organization={ACM}
}

# heavy tail restart
@article{gomes2000heavy,
  title={Heavy-tailed phenomena in satisfiability and constraint satisfaction problems},
  author={Gomes, Carla P and Selman, Bart and Crato, Nuno and Kautz, Henry},
  journal={Journal of automated reasoning},
  volume={24},
  number={1-2},
  pages={67--100},
  year={2000},
  publisher={Springer}
}

# bet-and-run in SOP
@inproceedings{friedrich2017generic,
  title={A Generic Bet-and-Run Strategy for Speeding Up Stochastic Local Search.},
  author={Friedrich, Tobias and K{\"o}tzing, Timo and Wagner, Markus},
  booktitle={AAAI},
  pages={801--807},
  year={2017}
}

# hypervolume fair comparison
@article{ishibuchi2018specify,
  title={How to Specify a Reference Point in Hypervolume Calculation for Fair Performance Comparison},
  author={Ishibuchi, Hisao and Imada, Ryo and Setoguchi, Yu and Nojima, Yusuke},
  journal={Evolutionary computation},
  pages={1--29},
  year={2018},
  publisher={MIT Press}
}